Continente Online | Supermercado Online Skip to main content Skip to footer content Termine o ano em grande ✨ Aproveite as melhores oportunidades! false Ajuda Entrega em Casa 1500-392 Lisboa Em Casa Na Loja Rápida Insira o código postal 1500-392 Lisboa O que procura? Login/Registo Login/Registo Produtos Oportunidades Novidades Frescos Ver todos Peixaria Ver todos Bacalhau Filetes, Lombos e Postas Peixe Fresco Peixe Congelado Polvo, Lulas e Chocos Marisco Salmão Fumado e Especialidades Talho Ver todos Pronto a Cozinhar Novilho, Vitela e Vitelão Frango e Peru Porco Pato e Coelho Cabrito e Borrego Frutas Ver todos Frutas da Época Banana, Maçã e Pera Laranja, Clementina e Limão Melancia, Melão e Meloa Pêssego, Ameixa e Kiwi Morango e Frutos Vermelhos Uvas e Tropicais Frutos Secos, Desidratados e Sementes Sumos Espremidos na Hora Cabazes de Frutas e Legumes Legumes Ver todos Batata, Batata Doce e Mandioca Cebola, Alho e Nabo Cenoura, Abóbora e Beterraba Curgete, Beringela e Feijão Verde Couves, Brócolos e Espinafres Alface, Tomate, Pepino e Pimento Saladas, Sopas e Salteados Cogumelos, Espargos e Exóticos Ervas Aromáticas e Especiarias Tremoços e Azeitonas Cabazes de Frutas e Legumes Queijos Ver todos Fatiado e Bolas Ralado Fresco, Requeijão e Mozzarella Snacks e Barrar Amanteigado Curado Queijos do Mundo Tábuas e Aperitivos Charcutaria Ver todos Fiambre, Mortadela e Salame Presunto Salpicão, Paio e Fuet Alheira e Farinheira Chouriço e Morcela Bacon e Fumados Salsichas e Linguiças Salmão Fumado e Especialidades Tábuas e Aperitivos Padaria e Pastelaria Ver todos Pão do Dia e Broa Pão de Forma e Embalado Pão de Hambúrguer, Cachorro e Wraps Tostas, Gressinos e Croutons Croissants e Pães de Leite Biscoitos Pastelaria Sortida Bolos e Sobremesas Massas para Culinária Take-Away Ver todos Cozinha Continente Entradas e Salgados Sopas Pizzas Massas Frescas Grab&Go Refeições Prontas Vegetariano e Vegan Sobremesas Laticínios e Ovos Ver todos Leite Ver todos Leite Magro Leite Meio Gordo Leite Inteiro Leite Achocolatado e Aromatizado Leites em Pó e Bebidas Lácteas Leite sem Lactose Iogurtes Ver todos Iogurtes Líquidos Iogurtes Aromas e Naturais Iogurtes Magros Iogurtes Bífidus Iogurtes Proteína Iogurtes Pedaços Iogurtes Kefir Iogurtes Gregos Iogurtes Bebé Iogurtes Infantis Iogurtes sem Lactose Vegegurtes e Yofu Ovos Manteigas e Cremes para Barrar Ver todos Manteigas Cremes para Barrar Cremes Culinários Natas e Bechamel Ver todos Natas para Bater e Chantilly Natas Culinárias Cremes Vegetais Molho Bechamel Bebidas Vegetais Ver todos Bebida Soja Bebida Aveia Bebida Amêndoa Bebida Arroz Outras Bebidas Vegetais Sobremesas Ver todos Gelatinas Mousses e Pudins Queijos Ver todos Fatiado e Bolas Ralado Fresco, Requeijão e Mozzarella Amanteigado Curado Queijos do Mundo Snacks e Barrar Congelados Ver todos Frutas e Legumes Ver todos Legumes Misturas de Legumes Frutas Batata Frita e Puré Nuggets e Crocantes Douradinhos e Filetes Hambúrgueres e Almôndegas Peixe, Marisco e Carne Ver todos Peixe Marisco Bacalhau Polvo, Lulas e Chocos Carne Pizzas Refeições Prontas Ver todos Carne Peixe Massas e Gnocchis Salteados e Sopas Salgados, Folhados e Pastelaria Ver todos Salgados Folhados Pastelaria Doce Pão de Alho e Pão de Queijo Vegetariano e Vegan Ver todos Hambúrgueres e Almôndegas Nuggets e Panados Refeições, Pizzas e Falafel Gelados Gelados Ver todos Gelados de Cone Gelados de Pauzinho Gelados Familiares Gelados Americanos Mini Bites e Sandwich Tartes Geladas e Viennettas Gelados Infantis Gelados Vegan Sobremesas Ver todos Bolos Congelados Crepes e Petit Gâteau Tartes Geladas e Viennettas Mercearia Ver todos Chocolates de Natal Ver todos Calendários do Advento Bombons Figuras de Natal Café, Chá e Bebidas Solúveis Ver todos Café em Cápsulas Café Torrado Café Solúvel Chás e Infusões Chocolate Solúvel Bebidas de Cereais Cereais e Barras Ver todos Cereais Infantis Cereais Linha e Fibra Corn Flakes Muesli e Granola Flocos e Papas de Aveia Barras de Cereais Bolachas, Biscoitos e Tostas Ver todos Bolachas de Chocolate Bolachas com Cobertura e Recheio Bolachas Infantis Bolachas de Manteiga Maria, Torrada e Biscoitos Bolachas Fibra e Sem Açúcar Sortidos de Bolachas Bolos, Napolitanas, Queques Bolachas e Biscoitos Salgados Tortitas de Arroz e Milho Tostas, Gressinos e Croutons Chocolate, Gomas e Rebuçados Ver todos Bombons Chocolates Snacks de Chocolate Chocolates Solúveis Cacau e Chocolates de Culinária Gomas, Pastilhas e Rebuçados Arroz, Massa e Farinha Ver todos Arroz Massa Farinha e Pão Ralado Puré Noodles Couscous, Quinoa, Bulgur e Outros Feijão, Grão de Bico e Lentilhas Azeite, Óleo e Vinagre Ver todos Azeite Óleo Alimentar Vinagre Conservas Ver todos Atum Sardinha, Cavala, Lulas Salsichas Patês Tomate Polpa, Pelado e Seco Feijão e Grão de Bico Cogumelos, Milho, Ervilhas Azeitonas e Tremoços Polpas e Frutas em Calda Refeições Molhos, Temperos e Sal Ver todos Molhos Especiarias e Ervas Aromáticas Maionese, Ketchup e Mostarda Preparados de Sopas Caldos Sal Snacks e Batatas Fritas Ver todos Batatas Fritas Aperitivos e Snacks Frutos Secos, Desidratados e Sementes Barras de Cereais Pipocas Saquetas e Purés de Fruta Compotas, Cremes e Mel Ver todos Doces e Compotas Nutella e Cremes de Barrar Mel Marmeladas e Goiabadas Açúcar e Sobremesas Ver todos Açúcar e Adoçante Cacau e Chocolates de Culinária Gelatinas e Pudins Leite Condensado e Leite de Coco Preparados para Mousses e Bolos Aromas e Toppings Fermento Alimentação Infantil Ver todos Boiões, Saquetas e Puré de Fruta Leites em Pó e Bebidas Lácteas Papas Infantis Snacks e Bolachinhas Alimentos Lácteos Refeições Bebidas e Garrafeira Ver todos Garrafeira Sumos e Refrigerantes Ver todos Refrigerantes com Gás Néctares Ice Tea, Tisanas e Kombuchas Refrigerantes sem Gás Sumos de Fruta Sumos Infantis Sumos Concentrados Água Ver todos Água sem Gás Água com Gás Água Tónica e Ginger Ale Água com Sabor Bebidas Energéticas e Isotónicas Cervejas e Sidras Ver todos Cerveja Tradicional Sidras e Hard Seltzers Cerveja Estrangeira e Artesanal Cerveja sem Álcool Vinhos Ver todos Vinhos Premiados Vinho Tinto Vinho Branco Vinho Verde Vinho Rosé Vinho do Porto Vinho Moscatel, da Madeira e Outros Sangrias e Aromatizados Acessórios de Vinho Bebidas Espirituosas Ver todos Whisky Gin Vodka Licores Rum Tequila Brandy, Conhaque e Cachaça Aguardente Aperitivos Cocktails Champanhe e Espumante Ver todos Champanhe Espumante Bio e Saudável Ver todos Suplementos e Vitaminas Nutrição Desportiva Ver todos Iogurtes, Pudins e Bebidas Proteicas Barras e Snacks Energia e Proteína Cremes de Barrar Aveia, Muesli e Preparados Vegetariano e Vegan Ver todos Bebidas Vegetais e Vegegurtes Fatiados e Cremes Vegetais Refeições Alternativas Carne e Peixe Bolachas Sobremesas e Gelados Biológicos Ver todos Frutas e Legumes Peixaria, Talho e Alternativas Laticínios e Alternativas Mercearia Bebidas e Garrafeira Alimentação Infantil Sem Glúten Ver todos Padaria e Pastelaria Massas e Farinhas Bolachas e Aperitivos Cereais e Barras Chocolates Congelados Sem Lactose Ver todos Leite e Natas Iogurtes Queijos Manteigas e Cremes para Barrar Gelados Limpeza Ver todos Roupa Ver todos Detergente Máquina Amaciador e Intensificador Perfume Aditivos e Auxiliares Detergente Manual Tratamento Máquina Roupa Limpeza do Calçado Cozinha Ver todos Detergente Manual Loiça Detergente Máquina Loiça Aditivos Máquina Loiça Multisuperfícies Limpeza Fogão, Forno e Frigorífico Películas e Sacos de Conservação Desentupidores Casa de Banho Ver todos Blocos Sanitários Abrasivos Sanitários Multisuperfícies Desentupidores Chão e Superfícies Ver todos Lava Tudo Multisuperfícies Lixívias Madeiras Limpa Vidros Limpeza Específica Desinfetantes Papel Higiénico Ver todos Papel Higiénico Compacto Papel Higiénico 2 Folhas Papel Higiénico Húmido Papel Higiénico 3, 4 e 5 Folhas Guardanapos e Rolos Ver todos Rolos de Cozinha Guardanapos Velas e Ambientadores Ver todos Velas Ambientadores Automáticos Ambientadores Elétricos Sticks Perfumados Sprays Absorve Odores Ambientadores Auto Sacos e Baldes do Lixo Ver todos Baldes do Lixo e Ecopontos Sacos do Lixo Mopas, Esfregonas e Vassouras Ver todos Mopas e Espanadores Vassouras e Pás Baldes e Esfregonas Aspiradores e Lavadoras Panos, Esfregões e Luvas Ver todos Panos Esfregões Luvas Inseticidas e Desumidificadores Ver todos Inseticidas Armadilhas e Anti-traças Desumidificadores Limpeza Auto e Motos Beleza e Higiene Ver todos Coffrets e Presentes em Beleza Ver todos Coffrets e Calendários do Advento Maquilhagem para Oferecer O Perfume Perfeito Escovas Elétricas e Máquinas de Barbear Os Favoritos de Criança Cabelo Ver todos Champôs Condicionadores Máscaras e Tratamentos Colorações Spray, Espuma, Creme e Gel Criança Acessórios Corpo Ver todos Gel de Banho Desodorizantes Cremes e Loções Depilação e Descoloração Sabonetes Cuidados de Mãos e Pés Colónias e Perfumes Acessórios Rosto Ver todos Limpeza e Desmaquilhantes Séruns e Tónicos Cremes Máscaras Lábios Base, Pó e Corretor Beleza Coreana Maquilhagem Ver todos Rosto Olhos Lábios Unhas Conjuntos de Maquilhagem Acessórios Higiene Oral Ver todos Pastas de Dentes Escovas de Dentes Elixires Bucais Fio e Fita Dentária Cuidados para Próteses Higiene Oral Infantil Higiene Íntima Ver todos Pensos e Cuecas Menstruais Tampões Pensos Diários Gel e Sabonetes Íntimos Toalhitas Íntimas Incontinência Homem Ver todos Barba Rosto Cabelo Desodorizantes Gel de Banho Depilatórios Incontinência Preservativos e Estimuladores Lenços e Cuidados de Saúde Ver todos Lenços de Papel Cuidados de Saúde Papel Higiénico Ver todos Papel Higiénico Compacto Papel Higiénico 2 Folhas Papel Higiénico 3, 4 e 5 Folhas Papel Higiénico Húmido Solares e Bronzeadores Ver todos Protetores Solares Corpo Protetores Solares Rosto Protetores Solares Crianças After Sun Bronzeadores e Autobronzeadores Bebé Ver todos Alimentação Infantil Ver todos Boiões, Saquetas e Puré de Fruta Leites em Pó e Bebidas Lácteas Papas Infantis Snacks e Bolachinhas Alimentos Lácteos Refeições Fraldas e Toalhitas Ver todos Toalhitas Fraldas <2kg/2-5kg/3-6kg (T0, T1 e T2) Fraldas 4-11kg/9-15kg (T3 e T4) Fraldas 13-18kg/+18kg (T5 e T6) Fraldas Cueca Fraldas de Banho Fraldas de Aprendizagem Fraldas e Toalhitas Ecológicas Resguardos Banho e Higiene Ver todos Gel de Banho Cabelo e Perfumaria Proteção e Hidratação Cotonetes e Soro Fisiológico Cadeiras Auto e Carrinhos Ver todos Cadeiras e Assentos Auto Carrinhos de Passeio Sacos, Marsúpios e Acessórios Cadeiras e Acessórios de Refeição Ver todos Cadeiras de Refeição Biberões e Tetinas Pratos, Copos e Talheres Babetes Mobiliário e Colchões Ver todos Camas, Berços e Colchões Espreguiçadeiras, Parques e Andadores Arrumação e Organização Mobiliário Didático Decoração e Segurança Banheiras e Complementos Ver todos Banheiras e Acessórios Toalhas de Banho Muda Fraldas e Contentores Bacios e Redutores Têxtil de Bebé Ver todos Roupa de Cama Sacos de Dormir, Almofadas e Ninhos Fraldas de Pano e Doudous Toalhas de Banho Chupetas e Mordedores Brinquedos e Livros Ver todos Brinquedos de Bebé Livros de Bebé Livros de Gravidez e Puericultura Animais Ver todos Cão Ver todos Ração Seca Snacks e Biscoitos Comida Húmida Saúde e Higiene Comedouros e Bebedouros Camas, Almofadas e Colchões Transporte, Passeio e Viagem Brinquedos Casotas Gato Ver todos Ração Seca Comida Húmida Snacks, Leites e Biscoitos Areias Caixas de Areia e Higiene Comedouros e Bebedouros Camas, Transporte e Viagem Brinquedos e Arranhadores Outros Animais Ver todos Pássaros Peixes Roedores Tartarugas Casa, Bricolage e Jardim Ver todos Aquecimento Ver todos Lenha e Pellets Aquecedores e Termoventiladores Mantas, Edredões e Sacos de Água Quente Mobiliário e Colchões Ver todos Sofás, Poltronas e Puffs Cadeiras e Bancos Móveis TV, Estantes e Aparadores Secretárias e Cadeiras de Escritório Mesas de Refeição, Centro e Apoio Camas e Colchões Armários, Roupeiros e Cómodas Mobiliário Exterior Têxtil Lar Ver todos Roupa de Cama Almofadas de Dormir Toalhas de Banho Almofadas Decorativas, Mantas e Coxins Tapetes, Passadeiras e Capachos Toalhas de Mesa e Individuais Panos, Aventais e Pegas de Cozinha Tapetes e Cortinas de Banho Decoração Ver todos Velas e Ambientadores Molduras para Fotografias Plantas Artificiais Cestos e Caixas Decorativas Acessórios Decorativos Candeeiros e Abajures Almofadas Decorativas, Mantas e Coxins Tapetes, Passadeiras e Capachos Árvores, Bolas e Figuras de Natal Cozinha Ver todos Louça de Fogão Louça de Forno Caixas e Conservação de Alimentos Facas e Utensílios Formas e Utensílios de Pastelaria Jarros e Filtros de Água Acessórios de Bancada Lancheiras, Geleiras e Garrafas Mesa Ver todos Pratos e Serviços de Mesa Copos e Jarros Faqueiros e Talheres Louça de Servir Canecas e Chávenas Acessórios de Vinho Eletrodomésticos Ver todos Preparação de Alimentos Máquinas de Café e Jarros Elétricos Aspiradores e Lavadoras Cuidados Pessoais Aquecimento, Ventilação e Desumidificadores Tecnologia e Acessórios Cuidados da Roupa Lavandaria e Organização Ver todos Utensílios de Limpeza Arrumação e Caixas Tábuas de Engomar Estendais e Molas Baldes do Lixo Bacias e Cestos de Roupa Acessórios Casa de Banho Costura Festa Ver todos Mesa de Festa Balões e Decoração de Festa Velas de Aniversário Jardim Ver todos Mobiliário Iluminação Exterior Plantas e Flores Naturais Pesticidas, Sementes e Substratos Vasos e Acessórios de Jardinagem Barbecues e Carvão Piscinas e Acessórios Praia Pilhas e Lâmpadas Ver todos Pilhas Lâmpadas Extensões e Blocos de Tomadas Bricolage Ver todos Lavadoras e Aspiradores Ferramentas Silicones, Colas e Fitas Quinquilharia Acessórios de Pintura Bazarão Brinquedos e Jogos Ver todos LEGO Ver todos LEGO Technic LEGO Star Wars LEGO Botanicals LEGO Speed Champions LEGO City LEGO Harry Potter LEGO Icons LEGO Duplo LEGO Creator LEGO Disney LEGO Marvel LEGO Friends LEGO Super Mario LEGO Minecraft LEGO Ninjago Mais Marcas LEGO Loja Oficial Jogos Ver todos Jogos Educativos e Didáticos Jogos Infantis Jogos em Família Jogos de Tabuleiro Jogos de Cartas Party Games Puzzles Ver todos Puzzles Infantis Puzzles Adulto Puzzles 3D e 4D Bonecas Ver todos Bonecas Bebé Bonecas Reborn Bonecas Fashion Bonecas Princesas Casas e Acessórios Carrinhos, Pistas e Telecomandados Ver todos Carrinhos e Motas Pistas e Garagens Telecomandados Peluches e Brinquedos de Bebé Ver todos Peluches Peluches Interativos Brinquedos de Bebé Veículos e Brinquedos de Exterior Ver todos Andadores e Triciclos Carros Motas Bicicletas, Trotinetes e Patins Casas de Brincar Escorregas e Baloiços Praia, Piscinas e Bóias Jogos e NERF Faz de Conta Ver todos Casa e Profissões Instrumentos Musicais Maquilhagem, Joias e Acessórios Didáticos e Criativos Ver todos Brinquedos Didáticos Plasticinas e Slime Kits Criativos Kits Ciência e Mecânica Livros de Pintar Eletrónicos Ver todos Instrumentos Musicais Brinquedos Eletrónicos Drones Robôs Tech Toys Funko, Personagens e Heróis Ver todos Funko Figuras e Personagens Figuras de Ação e Heróis Consolas e Videojogos Livraria e Papelaria Ver todos Livraria Ver todos Literatura Infantil Juvenil Jovem Adulto Apoio Escolar Técnica Saúde e Bem-Estar Culinária Papelaria Ver todos Mochilas, Estojos e Lancheiras Cadernos, Blocos e Agendas Papel de Impressão Escrita Desenho, Arte e Pintura Organização e Arquivo Material de Escritório Embrulhos e Sacos para Presentes Packs Experiência Publicações e Cartões Pré-pagos Desporto, Roupa e Viagem Ver todos Bicicletas, Trotinetes e Patins Ver todos Bicicletas Trotinetes, Patins e Skates Capacetes, Proteções e Acessórios Mobilidade Elétrica Desportos Campismo Roupa e Calçado Ver todos Roupa de Desporto Calçado e Acessórios Roupa Interior Malas e Acessórios de Viagem Ver todos Malas de Cabine Malas de Viagem Médias Malas de Viagem Grandes Mochilas de Viagem Acessórios de Viagem Automóvel e Motos Ver todos Acessórios e Manutenção Auto Acessórios e Manutenção de Motos EntregaZero Marcas Descubra + Oportunidades Folhetos Brinquedos Cozinha Continente Continente Negócios Bilheteira Receitas Entrega em Casa 1500-392 Lisboa Continente, o seu supermercado online Fim de Ano Mais tempo à mesa com todos comprar Festeje o ano em beleza Até 40% em produtos de Beleza Ver produtos Novas leituras Guarde espaço na estante para estas novidades Ver produtos Nova coleção Junte os selos e colecione o faqueiro SMEG Comprar Entrega em casa no próprio dia Recolha grátis com o Click&Go +40 000 produtos numa só loja Pagamento seguro online ou na entrega Destaques Oportunidades Ver mais Champanhe e espumante Seja responsável. Beba com moderação. Comprar Em aperitivos Comprar Em bacalhau e polvo Comprar Em maquilhagem Comprar Em artigos de casa De 30/12/2025 a 24/02/2026 Comprar Em produtos de Bazarão De 29/12/2025 a 12/01/2026 Comprar Descubra mais Fim de Ano Marisco Frutos Secos Bebidas Vegetais e Vegegurtes Nutrição Desportiva Alimentação Infantil Escovas elétricas Aquecimento Pastéis de Bacalhau com Queijo Continente Seleção emb. 8 un €4,29 /un €20,63 /kg Carrinho Panettone Clássico Da Nossa Pastelaria emb. 1 kg €6,99 /un €6,99 /kg Carrinho Panquecas de Banana e Espelta Continente emb. 160 gr (4 un) €2,79 /un €17,44 /kg Carrinho + DE 20 % Candeeiro com Carregador Wireless Kasa 1 un €19,00 /un Price reduced from €25,00 /un to €19,00 /un Desconto Imediato: 24% Carrinho 40 % Estendal de Parede Varetas Kasa 1un €12,00 /un Price reduced from €20,00 /un to €12,00 /un Desconto Imediato: 8€ Carrinho Toalhitas Limpeza de Chão Power+ Continente emb. 20 un €1,49 /un €0,07 /un Carrinho Penne Alla Vodka Cook it Up! Continente emb. 600 gr €3,99 /un €6,65 /kg Carrinho Tarte de Maçã Entrançada Continente Seleção emb. 600 gr €9,49 /un €15,82 /kg Carrinho Degrau Infantil Antiderrapante Branco Happy Bear 1 un €9,99 /un €9,99 /un Carrinho Mini Gressinos de Espelta Forno D'Oro emb. 300 gr €1,99 /un €6,63 /kg Carrinho Quiche de Queijo e Fiambre Continente emb. 450 gr €4,49 /un €9,98 /kg Carrinho Fondue de Queijo Continente emb. 450 gr €5,99 /un €13,31 /kg Carrinho Bolinhas de Pato para Forno Continente Seleção emb. 10 un €3,69 /un €14,76 /kg Carrinho Caril de Tofu Continente emb. 300 gr €2,99 /un €9,97 /kg Carrinho Cozinhas do Mundo Ver mais Brasil Comprar Itália Comprar Ásia Comprar México Comprar Categorias populares Frutas Peixaria Talho Queijos Charcutaria Padaria e Pastelaria Laticínios e Ovos Café, Chá e Solúveis Bebidas Congelados Limpeza Beleza Bebé Animais Casa Brinquedos e Jogos Marcas Continente Ver mais Refeições para toda a semana Ver mais Frango com Noodles de Ovo e Cenoura Cozinha Continente emb. 350 gr €5,19 /un €14,83 /kg Carrinho Bulgur com Tofu e Legumes Cozinha Continente emb. 350 gr €5,19 /un €14,83 /kg Carrinho Camarão com Legumes e Arroz Integral Cozinha Continente emb. 350 gr €5,99 /un €17,11 /kg Carrinho Frango com Caril e Quinoa de Legumes Cozinha Continente emb. 350 gr €5,19 /un €14,83 /kg Carrinho Quinoa com Legumes e Queijo Cozinha Continente emb. 350 gr €5,19 /un €14,83 /kg Carrinho Pizza Fresca Pepperoni Cozinha Continente emb. 430 gr €3,89 /un €9,05 /kg Carrinho Moqueca de Camarão à Baiana com Arroz Branco Cozinha Continente emb. 350 gr €4,29 /un €12,26 /kg Carrinho Bacalhau à Brás para 5 Pessoas Cozinha Continente emb. 1,5 kg €19,49 /un €12,99 /kg Carrinho 20 % Creme de Cenoura Cozinha Continente emb. 800 gr €1,99 /un Price reduced from €2,49 /un to €2,49 /kg Desconto Imediato: 20% Carrinho Baguete de Queijo Brie, Presunto e Rúcula Cozinha Continente emb. 210 gr €3,19 /un €15,19 /kg Carrinho Carbonara de Legumes com Bacon ao Vapor Cozinha Continente emb. 325 gr €3,99 /un €12,28 /kg Carrinho Arroz de Pato Cozinha Continente emb. 300 gr €3,99 /un €13,30 /kg Carrinho Húmus Clássico Cozinha Continente emb. 180 gr €1,99 /un €11,06 /kg Carrinho Salada de Grão e Atum Cozinha Continente emb. 285 gr €3,29 /un €11,54 /kg Carrinho Frango Teriyaki com Arroz Cozinha Continente emb. 350 gr €3,99 /un €11,40 /kg Carrinho Receitas Ver mais Entrada Recheio de Sapateira 25 min | 4 pessoas Peixe Camarão com Molho de Manteiga 20 min | 4 pessoas Carne Bife Wellington 60 min | 6 pessoas Sobremesa Torta de Noz 50 min | 8 pessoas Saiba mais Saiba mais Consigo no dia a dia Ver mais As novidades mais frescas no seu e-mail! Subscreva e descubra campanhas exclusivas, ofertas e novidades para si. Subscrição realizada com sucesso Insira o seu e-mail Subscrever Consinto que a Modelo Continente Hipermercados, S.A. (MCH) me envie comunicações informativas e de marketing direto alusivas às suas marcas. Fale Connosco Formulário de Contacto 218 247 247 (Chamada para a rede fixa nacional) Descubra Mais Regresso às Aulas Livros Escolares Singles' Day Black Friday Cyber Monday Links Rápidos Ajuda Folhetos Receitas Lojas Cartão Continente Cartão Dá EntregaZero Mapa do Site Sobre Nós Continente Negócios MC Sonae Trabalhar na MC Continente Siga Plug&Charge Missão Continente Inscrição Co-Lab Intermediação de Crédito © 2025 Modelo Continente Hipermercados, S.A. Todos os direitos reservados Acessibilidade Política de Serviços Política de Cookies Política de Privacidade Ajuda Page does not contain any content. Como quer receber as suas compras? Em Casa Na Loja Rápida Receba a sua compra em menos de 1 hora através dos nossos parceiros. Os produtos e condições do serviço podem variar. Quico Continente Loja Continente no Quico Uber Eats Loja Continente no Uber Eats Glovo Loja Continente na Glovo Confirmar Como quer receber as suas compras? A mudança da morada poderá provocar alterações nos produtos apresentados e no seu carrinho Cancelar Continuar A mudança da morada poderá provocar alterações nos produtos apresentados e no seu carrinho Tem a certeza que pretende limpar todo o seu carrinho? Cancelar Confirmar A sua privacidade é a nossa prioridade Error O número máximo de produtos que podem ser adicionados ao carrinho foi atingido.