Parfum und Kosmetik aus deiner Online-Parfumerie ❤️ | parfumdreams Hol dir die parfumdreams App und spare 25%*! Jetzt herunterladen PREMIUM Hilfe & Kontakt Englisch Marken Alle anzeigen Top Marken Lancôme Armani Kérastase Jean Paul Gaultier SENSAI Hugo Boss Montale Narciso Rodriguez Shiseido Rabanne Premiummarken CHANEL DIOR Yves Saint Laurent GIVENCHY GUERLAIN Parfums de Marly INITIO Parfums Privés La Mer Tom Ford EISENBERG Neu TYPEBEA Jo Malone London Drybar Simone Andreoli Maison Crivelli Kylie Jenner Fragrances Khloé Kardashian KAJAL Milk Touch Doctor Eckstein Curlsmith Sale Parfum Alle anzeigen Damendüfte Alle anzeigen Damenparfum Haarparfum Bodyspray Duschgel Frauen Deodorants Körperpflege Duftseifen Parfum Sets Damen Herrendüfte Alle anzeigen Herrenparfum After Shave Körperpflege Duschgel Männer Deodorants Herrenseife Parfum Sets Herren Duftnoten Alle anzeigen Amber Parfum Orientalisches Parfum Blumiges Parfum Fruchtiges Parfum Frisches Parfum Apfel Parfum Aromatisches Parfum Bergamotte Parfum Chypre Düfte Frische Wäsche Parfum Holziges Parfum Jasmin Parfum Kokos Parfum Maiglöckchen Parfum Molekül Parfum Moschus Parfum Oud Parfum Patchouli Parfum Pudriges Parfum Rose Parfum Sandelholz Düfte Vanille Parfum Veilchen Düfte Vetiver Düfte Würziges Parfum Zitrische Düfte Parfum nach Jahreszeit Alle anzeigen Frühlingsdüfte Herbstdüfte Sommerdüfte Winterdüfte Highlights Alle anzeigen Beliebtes Parfum Eau de Cologne Eau de Parfum Eau de Toilette Parfum auf Rechnung Parfum Miniaturen Parfum Neuheiten Unisex Parfum Parfum nach Land Alle anzeigen Arabisches Parfum Französisches Parfum Italienisches Parfum Spanisches Parfum Luxusparfum Alle anzeigen Luxusparfum Damen Luxusparfum Herren Nischendüfte Alle anzeigen Nischendüfte Damen Nischendüfte Herren Raumdüfte Alle anzeigen Duftkerzen Duftstäbchen Aroma Diffuser Duftsteine Raumsprays Autodüfte Gesicht Alle anzeigen Gesichtspflege Alle anzeigen Gesichtscreme Anti-Aging-Gesichtspflege Tagescreme Nachtcreme Gesichtsöl 24h-Gesichtspflege Anti-Pickel-Pflege BB- & CC-Cream Feuchtigkeitscreme Gesichtsmasken Gesichtspflege ohne Parabene Gesichtspflegesets Gesichtsspray Getönte Tagescreme Hals & Dekolleté Pflege mit Q10 Gesichtsserum Alle anzeigen Anti-Aging-Gesichtsserum Collagenserum Feuchtigkeitsserum Hyaluronsäure-Serum Vitamin C Serum Ampullen Augenpflege Alle anzeigen Augenbrauenserum Augencreme Augenmasken & -pads Augenserum Wimpernserum Augengel Lippenpflege Alle anzeigen Lippenbalsam Lippenmasken Lippenöl Lippenpeeling Lippenserum Pflege nach Hautbedürfnis/Hauttyp Alle anzeigen Für fettige Haut Für Mischhaut Für sensible Haut Für trockene Haut Für unreine Haut Anti-Aging-Gesichtspflege Gegen Rötungen Mit Sonnenschutz Gesichtsmasken Alle anzeigen Augen- & Lippenmasken Feuchtigkeitsmasken Reinigungsmasken Schlammmasken Tuchmasken Anti-Aging-Masken Anti-Pickel-Masken Glow Masken Mitesser-Masken Overnight Maske Gesichtsreinigung Alle anzeigen Gesichtspeeling Gesichtswasser Mizellenwasser Reinigungsgel Reinigungsöl Abschminkpads Abschminktücher Gesichtsreinigungssets Gesichtsseife Make-up-Entferner Reinigungscreme Reinigungsmilch Reinigungsschaum Beauty Tools & Zubehör Alle anzeigen Gesichtsmassage Gesichtsreinigungsbürsten Gesichtsreinigungstools Gua Sha Steine Kosmetikspiegel Augenbrauenscheren Micro Needle Roller Pinzetten Schlafmasken Wimpernbürsten Sonne & Schutz Alle anzeigen After Sun Selbstbräuner Sonnencreme Sonnen-Make-up Körper Alle anzeigen Körperpflege Alle anzeigen Bodylotion Deodorant Körperbutter Körperöl Anti-Cellulite Bodyspray Hals & Dekolleté Körperschaum Massageöle & ätherische Öle Sauna-Öl & -Aufguss Körperreinigung Alle anzeigen Duschgel Duschöl Duschschaum Körperpeeling Badesalz & Badebomben Badeöl & -milch Badeschaum Dusch- & Badesets Feste Seife Flüssigseife Handpflege Alle anzeigen Handcreme Handdesinfektion Handmaske Handpeeling Handseife Fußpflege Alle anzeigen Fußbad Fußcreme Fußmaske Fußpeeling Hornhautentferner Fußgesundheit Fußspray Nagelpflege Alle anzeigen Nagelfeilen Nagelhautentferner Nagelknipser & -zangen Nagelöle & -pflegestifte Nagelscheren Nagelhärter Nagellack Beauty Set Alle anzeigen Dusch- & Badesets Fußpflegesets Geschenksets Hand- & Nagelpflegesets Körperpflegesets Sonnenschutz-Sets Zubehör Alle anzeigen Körperbürsten Massagebürsten Selbstbräungshandschuhe Fußpflegezubehör Hand & Fuß-Schmuck Nagelpflegezubehör Peelinghandschuhe Pflege Accessoires Waschlappen Sonne & Schutz Alle anzeigen After Sun Selbstbräuner Sonnenschutz Haarentfernung Alle anzeigen Kalt- & Warmwachs Rasierer Rasurpflege Bad Alle anzeigen Badaccessoires Bademäntel Handtücher Kosmetiktaschen Haare Alle anzeigen Shampoos Alle anzeigen Keratin-Shampoo Glättendes Shampoo Volumenshampoo Herren-Shampoo 2-in-1-Shampoo & -Conditioner Naturkosmetik-Shampoo Shampoo ohne Silikone & Co. Silbershampoo Teebaumöl-Shampoo Tiefenreinigungsshampoo Tönungsshampoo Trockenshampoo Anti-Schuppen-Shampoo Repair-Shampoo Color-Shampoo Feuchtigkeitsshampoo Festes Shampoo Lockenshampoo Shampoo-Sets Haarstyling Alle anzeigen Schaumfestiger Hitzeschutz Haarwachs Styling Spray Ansatzspray Haarcreme & Stylingcreme Haargel Haarpuder Haarspray Haarstyling-Sets Sea Salt Spray Leave-In Pflege Alle anzeigen Haaröl Haarserum Sprühkur Leave-in Conditioner Haarpflegesets Kopfhautpflege Alle anzeigen Kopfhaut-Öl Kopfhautpeeling Haarwasser Sonnenschutz & -pflege Pflege nach Haartyp Alle anzeigen Fettiges Haar Feines & glattes Haar Trockenes Haar Lockiges Haar Coloriertes Haar Anti-Frizz Anti-Schuppen Empfindliche Kopfhaut Mittel gegen Haarausfall Normales Haar Conditioner & Spülung Alle anzeigen Color-Conditioner Feuchtigkeits-Conditioner Anti-Schuppen-Spülung Anti-Frizz-Conditioner Aufbau & Reparatur Spülung Fester Conditioner Locken-Conditioner Volumen-Conditioner Haarmaske & Haarkur Alle anzeigen Haarbutter Haarkur trockenes Haar Haarkur gefärbtes Haar Haarkur Feuchtigkeit Haarkur Keratin Haarkur Locken Haarbürsten & Kämme Alle anzeigen Rundbürsten Detangler-Bürsten Flach- & Paddelbürsten Holzbürsten Haarkämme Haarschneidekämme Kopfmassagebürsten Lockenkämme Skelettbürsten Stielkämme Wildschweinborsten-Bürsten Haar-Accessoires Alle anzeigen Haargummis Lockenwickler Scrunchies Haarspangen & -klammern Sprühflaschen Haarnadeln Lockenbänder Zubehör Haarstyling-Geräte Alle anzeigen Glätteisen Lockenstäbe Heizwickler Haartrockner Haarschneidemaschine Diffusor-Fön Effilierschere Friseurschere Friseurumhänge Warmluftbürsten Make-up Alle anzeigen Teint Alle anzeigen Foundation Concealer Puder Blush Highlighter BB- & CC-Cream Camouflage Make-up Color Corrector Contouring Contouring Paletten Fixing Spray & Fixierpuder Make-up Entferner Mineralpuder Primer Abdeckprodukte Accessoires Anti-Aging Make-up Bronzer Compact-Foundation Creme-Foundation Effektprodukte Flüssige Foundation Kompaktpuder Loser Puder Make-up Sets Augen Alle anzeigen Lidschatten Mascara Eyeliner Creme-Lidschatten Lidschatten-Primer Augen-Make-up-Entferner Glitzer-Lidschatten Künstliche Wimpern Lidschattenpaletten Wimpern-Primer Wimpernbürsten Wimpernkleber Wimpernzangen Augenbrauenfarbe Kajal Sets Augenbrauen Alle anzeigen Augenbrauenfarbe Augenbrauengel Augenbrauenpomade Augenbrauenpuder Augenbrauenstifte Augenbrauenscheren Pinzetten Lippen Alle anzeigen Lippenstifte Lipgloss Lipliner Lip-Plumper Liquid Lipstick Lippen Zubehör Lippen-Primer Lippenbalsam Matter Lippenstift Lippenstift-Sets Nägel Alle anzeigen Nagellack Base Coat Top Coat Nagelhärter Nagelfeilen Gel Nagellack Kunstnägel & Nageldesign Nagelhautentferner Nagellackentferner UV-Lampen Nagelpflege Nagelsets Pinsel Alle anzeigen Foundationpinsel Lidschattenpinsel Lippenpinsel Pinselreiniger Rougepinsel Applikatoren Augenbrauenpinsel Concealer-Pinsel Eyelinerpinsel Highlighter-Pinsel Maskenpinsel Pinselsets Pinseltaschen Puderpinsel Puderquasten Zubehör Alle anzeigen Anspitzer Kosmetikspiegel & Schminkspiegel Kosmetiktaschen Make-up Leerpaletten Make-up Schwämme Blotting Paper Konjac-Schwämme Nägel Augen Lippen Sets Teint Wasserfestes Make-up Alle anzeigen Wasserfeste Eyeliner Wasserfeste Foundation Wasserfeste Mascara Wasserfester Concealer Wasserfester Lidschatten Wasserfeste Augenbrauenstifte Highlights Alle anzeigen Glow Make-up Veganes Make-up Travel Size Alle anzeigen Augen Augenbrauen Teint Männerpflege Alle anzeigen Gesichtspflege Alle anzeigen Anti-Aging Gesichtscreme Gesichtsreinigung Gesichtsserum Pflegesets Gesichtsmasken Gesichtspeeling Rasur Alle anzeigen Rasiercreme Nassrasierer After Shave Balsam & Lotion Elektrische Rasierer & Trimmer Rasierhobel & Zubehör Herrenrasierer Nasenhaarentfernung Pre-Shave Rasiergel Rasiermesser Rasierpinsel Rasierschale Rasierschaum Rasierseife Rasiersets Herren Rasierständer Bartpflege Alle anzeigen Bartbalsam Bartkämme & Bartbürsten Bartöle Bartschneider & Barttrimmer Bartseife & Bartshampoo Haare Alle anzeigen Shampoo Pomade Haarstyling Haarausfall & Haarwuchs Haarbürsten & Kämme Haarcreme Haargel Haarpaste Haarpflege Körperpflege Alle anzeigen Bodylotions Deos & Antitranspirants Duschgel & Duschpflege Körperreinigung & Scrubs Seife Drogerie Alle anzeigen Gesichtspflege Alle anzeigen Anti-Aging Augen Lippen Nachtpflege Tagespflege Rasur Reinigung Sonne Zähne Haare Alle anzeigen Conditioner Haarpflege Shampoo Haarfarbe Styling Körperpflege Alle anzeigen Hand & Fuß Lotionen Öle Reinigung Sonne Deodorants Seifen Make-up Alle anzeigen Augen Lippen Nägel Pinsel Teint Parfum Alle anzeigen Damen Herren Unisex Accessoires Alle anzeigen Bücher Sonstiges Natur Alle anzeigen Gesicht Alle anzeigen Gesichtspflege Augenpflege Reinigung Masken Herren Anti-Aging Lippenpflege Sonnenpflege Zahnpflege Parfum Alle anzeigen Damen Herren Unisex Make-up Alle anzeigen Augen Lippen Nägel Teint Körper Alle anzeigen Körperpflege Reinigung Sonnenpflege Hand- & Fußpflege Herren Schwangerschafts- & Babypflege Haare Alle anzeigen Coloration Conditioner Haarpflege Shampoo Styling Zertifizierte Naturkosmetik Alle anzeigen DADO SENS MÁDARA ANNEMARIE BÖRLIND Dr. Hauschka Hej Organic Heliotrop Lavera Logona Primavera Santaverde Sante Naturkosmetik TAUTROPFEN Weleda Zao Gesundheit Alle anzeigen Vitamine & Mineralstoffe Alle anzeigen Vitamin A Vitamin B Vitamin C Vitamin D Vitamin E Vitamine Calcium Folsäure Magnesium Zink Sonstige Mineralstoffe Bandagen & Wundversorgung Alle anzeigen Wundheilung Wundversorgung Kompression Sex-Toys Alle anzeigen Vibratoren Aromatherapie Alle anzeigen Ätherische Öle Duftgeräte Duftmischungen Erkältung Alle anzeigen Gesundheitsbad Ohr & Stirn Schnupfen Ernährung Alle anzeigen Diät Shakes & Drinks Tee Gummibärchen Schönheit von Innen Desinfektion & Hygiene Alle anzeigen Atemschutzmasken Desinfektionsgel Desinfektionsspray Wohlbefinden & Stärkung Alle anzeigen Gedächtnis & Konzentration Nerven & Beruhigung Venen Herz & Kreislauf Immunsystem Magen & Verdauung Muskeln & Gelenke Damenpflege Alle anzeigen Damengesundheit Schwangerschaftspflege Schönheit von Innen Alle anzeigen Haut Haare Nägel Gratis Geschenksets Luxus Beauty Blog Alle anzeigen Neuste Themen Wie lange hält Waxing? Glätteisen reinigen Tränensäcke: Ursachen, Behandlung Nagelhaut entfernen Cellulite behandeln Kosmetik-Inhaltsstoffe Alle anzeigen Hyaluronsäure Niacinamid Retinol Vitamin C Glycerin Haarpflege Alle anzeigen Haartyp bestimmen Trockenshampoo Anwendung Trockene Haare pflegen Grünstich entfernen Locken auffrischen Skincare Trends Alle anzeigen Skin Cycling Slugging Wirkstoffe kombinieren Oil Gritting Dermaplaning Parfum Alle anzeigen Ausgewählte Refill-Düfte Parfum richtig auftragen Parfum Layering Fougère Düfte Gourmand Düfte Anmelden Warenkorb Newsletter PREMIUM Hilfe Englisch Abbrechen Marken Sale Parfum Gesicht Körper Haare Make-up Männerpflege Drogerie Natur Gesundheit Gratis Geschenksets Luxus Beauty Blog A B C D E F G H I J K L M N O P R S T U V W X Y Z 0-9 Top Marken Lancôme Armani Kérastase Jean Paul Gaultier SENSAI Hugo Boss Montale Narciso Rodriguez Shiseido Rabanne Premiummarken CHANEL DIOR Yves Saint Laurent GIVENCHY GUERLAIN Parfums de Marly INITIO Parfums Privés La Mer Tom Ford EISENBERG Neu TYPEBEA Jo Malone London Drybar Simone Andreoli Maison Crivelli Kylie Jenner Fragrances Khloé Kardashian KAJAL Milk Touch Doctor Eckstein Damendüfte Damenparfum Haarparfum Bodyspray Duschgel Frauen Deodorants » Alle Kategorien Herrendüfte Herrenparfum After Shave Körperpflege Duschgel Männer Deodorants » Alle Kategorien Duftnoten Amber Parfum Orientalisches Parfum Blumiges Parfum Fruchtiges Parfum Frisches Parfum » Alle Kategorien Parfum nach Jahreszeit Frühlingsdüfte Herbstdüfte Sommerdüfte Winterdüfte Highlights Beliebtes Parfum Eau de Cologne Eau de Parfum Eau de Toilette Parfum auf Rechnung » Alle Kategorien Parfum nach Land Arabisches Parfum Französisches Parfum Italienisches Parfum Spanisches Parfum Luxusparfum Luxusparfum Damen Luxusparfum Herren Nischendüfte Nischendüfte Damen Nischendüfte Herren Raumdüfte Duftkerzen Duftstäbchen Aroma Diffuser Duftsteine Raumsprays » Alle Kategorien Gesichtspflege Gesichtscreme Anti-Aging-Gesichtspflege Tagescreme Nachtcreme Gesichtsöl » Alle Kategorien Gesichtsserum Anti-Aging-Gesichtsserum Collagenserum Feuchtigkeitsserum Hyaluronsäure-Serum Vitamin C Serum » Alle Kategorien Augenpflege Augenbrauenserum Augencreme Augenmasken & -pads Augenserum Wimpernserum » Alle Kategorien Lippenpflege Lippenbalsam Lippenmasken Lippenöl Lippenpeeling Lippenserum Pflege nach Hautbedürfnis/Hauttyp Für fettige Haut Für Mischhaut Für sensible Haut Für trockene Haut Für unreine Haut » Alle Kategorien Gesichtsmasken Augen- & Lippenmasken Feuchtigkeitsmasken Reinigungsmasken Schlammmasken Tuchmasken » Alle Kategorien Gesichtsreinigung Gesichtspeeling Gesichtswasser Mizellenwasser Reinigungsgel Reinigungsöl » Alle Kategorien Beauty Tools & Zubehör Gesichtsmassage Gesichtsreinigungsbürsten Gesichtsreinigungstools Gua Sha Steine Kosmetikspiegel » Alle Kategorien Sonne & Schutz After Sun Selbstbräuner Sonnencreme Sonnen-Make-up Körperpflege Bodylotion Deodorant Körperbutter Körperöl Anti-Cellulite » Alle Kategorien Körperreinigung Duschgel Duschöl Duschschaum Körperpeeling Badesalz & Badebomben » Alle Kategorien Handpflege Handcreme Handdesinfektion Handmaske Handpeeling Handseife Fußpflege Fußbad Fußcreme Fußmaske Fußpeeling Hornhautentferner » Alle Kategorien Nagelpflege Nagelfeilen Nagelhautentferner Nagelknipser & -zangen Nagelöle & -pflegestifte Nagelscheren » Alle Kategorien Beauty Set Dusch- & Badesets Fußpflegesets Geschenksets Hand- & Nagelpflegesets Körperpflegesets » Alle Kategorien Zubehör Körperbürsten Massagebürsten Selbstbräungshandschuhe Fußpflegezubehör Hand & Fuß-Schmuck » Alle Kategorien Sonne & Schutz After Sun Selbstbräuner Sonnenschutz Haarentfernung Kalt- & Warmwachs Rasierer Rasurpflege Bad Badaccessoires Bademäntel Handtücher Kosmetiktaschen Shampoos Keratin-Shampoo Glättendes Shampoo Volumenshampoo Herren-Shampoo 2-in-1-Shampoo & -Conditioner » Alle Kategorien Haarstyling Schaumfestiger Hitzeschutz Haarwachs Styling Spray Ansatzspray » Alle Kategorien Leave-In Pflege Haaröl Haarserum Sprühkur Leave-in Conditioner Haarpflegesets Kopfhautpflege Kopfhaut-Öl Kopfhautpeeling Haarwasser Sonnenschutz & -pflege Pflege nach Haartyp Fettiges Haar Feines & glattes Haar Trockenes Haar Lockiges Haar Coloriertes Haar » Alle Kategorien Conditioner & Spülung Color-Conditioner Feuchtigkeits-Conditioner Anti-Schuppen-Spülung Anti-Frizz-Conditioner Aufbau & Reparatur Spülung » Alle Kategorien Haarmaske & Haarkur Haarbutter Haarkur trockenes Haar Haarkur gefärbtes Haar Haarkur Feuchtigkeit Haarkur Keratin » Alle Kategorien Haarbürsten & Kämme Rundbürsten Detangler-Bürsten Flach- & Paddelbürsten Holzbürsten Haarkämme » Alle Kategorien Haar-Accessoires Haargummis Lockenwickler Scrunchies Haarspangen & -klammern Sprühflaschen » Alle Kategorien Haarstyling-Geräte Glätteisen Lockenstäbe Heizwickler Haartrockner Haarschneidemaschine » Alle Kategorien Teint Foundation Concealer Puder Blush Highlighter » Alle Kategorien Augen Lidschatten Mascara Eyeliner Creme-Lidschatten Lidschatten-Primer » Alle Kategorien Augenbrauen Augenbrauenfarbe Augenbrauengel Augenbrauenpomade Augenbrauenpuder Augenbrauenstifte » Alle Kategorien Lippen Lippenstifte Lipgloss Lipliner Lip-Plumper Liquid Lipstick » Alle Kategorien Nägel Nagellack Base Coat Top Coat Nagelhärter Nagelfeilen » Alle Kategorien Pinsel Foundationpinsel Lidschattenpinsel Lippenpinsel Pinselreiniger Rougepinsel » Alle Kategorien Zubehör Anspitzer Kosmetikspiegel & Schminkspiegel Kosmetiktaschen Make-up Leerpaletten Make-up Schwämme » Alle Kategorien Wasserfestes Make-up Wasserfeste Eyeliner Wasserfeste Foundation Wasserfeste Mascara Wasserfester Concealer Wasserfester Lidschatten » Alle Kategorien Highlights Glow Make-up Veganes Make-up Travel Size Augen Augenbrauen Teint Gesichtspflege Anti-Aging Gesichtscreme Gesichtsreinigung Gesichtsserum Pflegesets » Alle Kategorien Rasur Rasiercreme Nassrasierer After Shave Balsam & Lotion Elektrische Rasierer & Trimmer Rasierhobel & Zubehör » Alle Kategorien Bartpflege Bartbalsam Bartkämme & Bartbürsten Bartöle Bartschneider & Barttrimmer Bartseife & Bartshampoo Haare Shampoo Pomade Haarstyling Haarausfall & Haarwuchs Haarbürsten & Kämme » Alle Kategorien Körperpflege Bodylotions Deos & Antitranspirants Duschgel & Duschpflege Körperreinigung & Scrubs Seife Gesichtspflege Anti-Aging Augen Lippen Nachtpflege Tagespflege » Alle Kategorien Haare Conditioner Haarpflege Shampoo Haarfarbe Styling Körperpflege Hand & Fuß Lotionen Öle Reinigung Sonne » Alle Kategorien Make-up Augen Lippen Nägel Pinsel Teint Parfum Damen Herren Unisex Accessoires Bücher Sonstiges Gesicht Gesichtspflege Augenpflege Reinigung Masken Herren » Alle Kategorien Parfum Damen Herren Unisex Make-up Augen Lippen Nägel Teint Körper Körperpflege Reinigung Sonnenpflege Hand- & Fußpflege Herren » Alle Kategorien Haare Coloration Conditioner Haarpflege Shampoo Styling Zertifizierte Naturkosmetik DADO SENS MÁDARA ANNEMARIE BÖRLIND Dr. Hauschka Hej Organic » Alle Kategorien Vitamine & Mineralstoffe Vitamin A Vitamin B Vitamin C Vitamin D Vitamin E » Alle Kategorien Bandagen & Wundversorgung Wundheilung Wundversorgung Kompression Sex-Toys Vibratoren Aromatherapie Ätherische Öle Duftgeräte Duftmischungen Erkältung Gesundheitsbad Ohr & Stirn Schnupfen Ernährung Diät Shakes & Drinks Tee Gummibärchen Schönheit von Innen Desinfektion & Hygiene Atemschutzmasken Desinfektionsgel Desinfektionsspray Wohlbefinden & Stärkung Gedächtnis & Konzentration Nerven & Beruhigung Venen Herz & Kreislauf Immunsystem » Alle Kategorien Damenpflege Damengesundheit Schwangerschaftspflege Schönheit von Innen Haut Haare Nägel Neuste Themen Wie lange hält Waxing? Glätteisen reinigen Tränensäcke: Ursachen, Behandlung Nagelhaut entfernen Cellulite behandeln Kosmetik-Inhaltsstoffe Hyaluronsäure Niacinamid Retinol Vitamin C Glycerin Haarpflege Haartyp bestimmen Trockenshampoo Anwendung Trockene Haare pflegen Grünstich entfernen Locken auffrischen Skincare Trends Skin Cycling Slugging Wirkstoffe kombinieren Oil Gritting Dermaplaning Parfum Ausgewählte Refill-Düfte Parfum richtig auftragen Parfum Layering Fougère Düfte Gourmand Düfte Dein Geschenk: Zu deiner Lancôme Duftbestellung ab 99,00 € schenken wir dir einen Lancôme Lip Idôle Butterglow Lippenstift 0,8 g Farbe 60 Million-Dollar Berry! Alle Marken Beliebte Kategorien Gesichtspflege Haare Make-up Damendüfte Herrendüfte Empfehlungen für dich Rabatt einlösen Best of 2025 App entdecken Rabatt einlösen Best of 2025 App entdecken Unsere Neuheiten Düfte Pflege Make-up Haare Düfte NEU Liquides Imaginaires Les Eaux Imaginaire Unisexdüfte Eau de Parfum Spray Blanche Bete Limted Edition 300,00 € 270,00 € 270,00 € 100 ml (3.000,00 € / 1 l) 100 ml (2.700,00 € / 1 l) 234,00 € 210,60 € 300,00 € 270,00 € -22 % mit dem Code BEAUTY22 NEU Tiziana Terenzi Luna Collection Collections Extrait de Parfum Verna 334,95 € 301,46 € 301,46 € 100 ml (3.349,50 € / 1 l) 100 ml (3.014,55 € / 1 l) 261,26 € 235,13 € 334,95 € 301,46 € -22 % mit dem Code BEAUTY22 NEU Jean Paul Gaultier Le Male Elixir Herrendüfte Parfum Collector's Edition 2025 154,80 € 139,32 € 139,32 € 125 ml (1.238,40 € / 1 l) 125 ml (1.114,56 € / 1 l) 120,74 € 108,67 € 154,80 € 139,32 € -22 % mit dem Code BEAUTY22 LUXUS NEU New Notes Erotika Maximale Modern Liquid Collection Extrait de Parfum 220,00 € 198,00 € 198,00 € 60 ml (3.666,67 € / 1 l) 60 ml (3.300,00 € / 1 l) NEU Gucci Gucci Guilty Pour Femme Damendüfte Parfum Spray Absolu de Parfum 105,53 € 94,98 € 94,98 € UVP: 158,00 € 60 ml (1.758,83 € / 1 l) 60 ml (1.582,95 € / 1 l) NEU Ariana Grande WICKED Damendüfte Eau de Parfum Spray Elphaba Enchanted 72,00 € 64,80 € 64,80 € 100 ml (720,00 € / 1 l) 100 ml (648,00 € / 1 l) 56,16 € 50,54 € 72,00 € 64,80 € -22 % mit dem Code BEAUTY22 NEU Carolina Herrera Good Girl Bowtastic Damendüfte Eau de Parfum Spray 153,00 € 137,70 € 137,70 € 80 ml (1.912,50 € / 1 l) 80 ml (1.721,25 € / 1 l) 119,34 € 107,41 € 153,00 € 137,70 € -22 % mit dem Code BEAUTY22 LUXUS NEU INITIO Parfums Privés Carnal Blends Collections Eau de Parfum Spray Can't Get Enough 270,00 € 243,00 € 243,00 € 90 ml (3.000,00 € / 1 l) 90 ml (2.700,00 € / 1 l) Pflege Clé de Peau Beauté Moisturizer Gesichtspflege La Crème 695,00 € 625,50 € 625,50 € 30 ml (23.166,67 € / 1 l) 30 ml (20.850,00 € / 1 l) 542,10 € 487,89 € 695,00 € 625,50 € -22 % mit dem Code BEAUTY22 Fast ausverkauft NEU Perricone MD High Potency Classic Collection Triple Retinol Renewal Eye Serum 82,00 € 73,80 € 73,80 € 15 ml (5.466,67 € / 1 l) 15 ml (4.920,00 € / 1 l) 63,96 € 57,56 € 82,00 € 73,80 € -22 % mit dem Code BEAUTY22 NEU Sol de Janeiro Körpersprays Körper Brazil Crush Perfume Mist Cheirosa 91 24,95 € 22,46 € 22,46 € 90 ml (277,22 € / 1 l) 90 ml (249,50 € / 1 l) 19,46 € 17,51 € 24,95 € 22,46 € -22 % mit dem Code BEAUTY22 Fast ausverkauft NEU Teaology Körperpflege Pflege Green Tea Reshaping Body Scrub 38,00 € 34,20 € 34,20 € 380 g (100,00 € / 1 kg) 380 g (90,00 € / 1 kg) 29,64 € 26,68 € 38,00 € 34,20 € -22 % mit dem Code BEAUTY22 NEU Payot Source Nutrition Pflege Huile á Léveres Nourrissante 24,99 € 22,49 € 22,49 € 7 ml 7 ml 19,49 € 17,54 € 24,99 € 22,49 € -22 % mit dem Code BEAUTY22 NEU CLARINS Seren GESICHTSPFLEGE Double Serum Light Texture 155,00 € 139,50 € 139,50 € UVP: 177,00 € 75 ml (2.066,67 € / 1 l) 75 ml (1.860,00 € / 1 l) Make-up NEU KEVYN AUCOIN Concealer Gesichts-Makeup Face Forward Color Corrector 37,95 € 34,16 € 34,16 € 2,7 g 2,7 g 29,60 € 26,64 € 37,95 € 34,16 € -22 % mit dem Code BEAUTY22 ANGEBOT NEU Estée Lauder Augenmakeup Makeup The Essential Eyeshadow Quad 50,98 € 45,88 € 45,88 € UVP: 66,00 € 1 Stk. (50,98 € / 1 Stk.) 1 Stk. (45,88 € / 1 Stk.) Clé de Peau Beauté Gesicht Make-up Translucent Loose Powder N 143,00 € 128,70 € 128,70 € 24 g (5.958,33 € / 1 kg) 24 g (5.362,50 € / 1 kg) 111,54 € 100,39 € 143,00 € 128,70 € -22 % mit dem Code BEAUTY22 NARS Lipgloss Lippen Make-up Afterglow Lip Shine 22,74 € 20,47 € 20,47 € UVP: 32,00 € 5,5 ml 5,5 ml ANGEBOT NEU Sweed Teint Make-up The Bronzing Powder 37,84 € 34,06 € 34,06 € UVP: 45,00 € 5 g 5 g Haare ANGEBOT Fast ausverkauft NEU Balmain Hair Couture Haarklammern Accessoires Cellulose Acetate Pince à Cheveux Imperiale Tortoise Shell 132,42 € 119,18 € 119,18 € UVP: 148,00 € 1 Stk. (132,42 € / 1 Stk.) 1 Stk. (119,18 € / 1 Stk.) NEU ALCINA Color Shampoo Coloration Color-Shampoo Gold 12,50 € 11,25 € 11,25 € 200 ml (62,50 € / 1 l) 200 ml (56,25 € / 1 l) 9,75 € 8,78 € 12,50 € 11,25 € -22 % mit dem Code BEAUTY22 NEU American Crew Haarstyling Haare, Körper & Gesicht Forming Cream Gel 28,20 € 25,38 € 25,38 € 150 ml (188,00 € / 1 l) 150 ml (169,20 € / 1 l) 22,00 € 19,80 € 28,20 € 25,38 € -22 % mit dem Code BEAUTY22 NEU Teaology Haarpflege Pflege Peach Tea Hydra Conditioner 19,92 € 17,93 € 17,93 € 200 ml (99,60 € / 1 l) 200 ml (89,64 € / 1 l) 15,54 € 13,98 € 19,92 € 17,93 € -22 % mit dem Code BEAUTY22 ANGEBOT NEU Revlon Warmluftbürsten Haarstyling One-Step Dryer & Volumiser Apricot Edition RVDR5222AE 47,84 € 43,06 € 43,06 € UVP: 62,99 € 1 Stk. (47,84 € / 1 Stk.) 1 Stk. (43,06 € / 1 Stk.) ANGEBOT NEU SHYNE Semi-permanent Haarfarbe Semi Permanent Hair Gloss 20,78 € 18,70 € 18,70 € UVP: 32,00 € 100 ml (207,80 € / 1 l) 100 ml (187,02 € / 1 l) Unsere Bestseller ANGEBOT Sol de Janeiro Körperpflege Körper Brazilian Bum Bum Cream Cheirosa 62 15,79 € 14,21 € 14,21 € UVP: 21,00 € 75 ml (210,53 € / 1 l) 75 ml (189,48 € / 1 l) ANGEBOT Biotherm Lait Corporel Körperpflege Lait Corporel Anti-Desséchant 17,06 € 15,35 € 15,35 € UVP: 28,00 € 400 ml (42,65 € / 1 l) 400 ml (38,39 € / 1 l) LUXUS Jo Malone London Blackberry & Bay Kollektionen Cologne 150,00 € 135,00 € 135,00 € 100 ml (1.500,00 € / 1 l) 100 ml (1.350,00 € / 1 l) ANGEBOT Yves Saint Laurent Black Opium Damendüfte Eau de Parfum Spray 54,99 € 49,49 € 49,49 € UVP: 82,00 € 30 ml (1.833,00 € / 1 l) 30 ml (1.649,70 € / 1 l) ANGEBOT Gisada Ambassador For Men Herrendüfte Eau de Parfum Spray 59,50 € 53,55 € 53,55 € UVP: 85,00 € 50 ml (1.190,00 € / 1 l) 50 ml (1.071,00 € / 1 l) Prada Paradoxe Damendüfte Eau de Parfum Spray - nachfüllbar 80,99 € 72,89 € 72,89 € UVP: 125,00 € 50 ml (1.619,80 € / 1 l) 50 ml (1.457,82 € / 1 l) ANGEBOT Lancôme La vie est belle Damen Parfum Eau de Parfum Spray nachfüllbar 43,19 € 38,87 € 38,87 € UVP: 72,00 € 30 ml (1.439,67 € / 1 l) 30 ml (1.295,70 € / 1 l) ANGEBOT Jean Paul Gaultier Le Male Herrendüfte Eau de Toilette Spray 68,14 € 61,33 € 61,33 € UVP: 123,00 € 125 ml (545,12 € / 1 l) 125 ml (490,61 € / 1 l) LUXUS Montale Spices Düfte Eau de Parfum Spray Arabians Tonka 140,00 € 126,00 € 126,00 € 100 ml (1.400,00 € / 1 l) 100 ml (1.260,00 € / 1 l) ANGEBOT Yves Saint Laurent Libre Damendüfte Eau de Parfum Spray - nachfüllbar 51,95 € 46,76 € 46,76 € UVP: 87,00 € 30 ml (1.731,67 € / 1 l) 30 ml (1.558,50 € / 1 l) MUGLER Alien Damendüfte Eau de Parfum Spray - nachfüllbar 49,31 € 44,38 € 44,38 € UVP: 79,00 € 30 ml (1.643,67 € / 1 l) 30 ml (1.479,30 € / 1 l) ANGEBOT Gisada Ambassador Intense Herrendüfte Eau de Parfum Spray 67,99 € 61,19 € 61,19 € UVP: 95,00 € 50 ml (1.359,80 € / 1 l) 50 ml (1.223,82 € / 1 l) ANGEBOT Sol de Janeiro Körpersprays Körper Perfume Mist Cheirosa 62 15,65 € 14,09 € 14,09 € UVP: 24,00 € 90 ml (173,89 € / 1 l) 90 ml (156,50 € / 1 l) Valentino Donna Born In Roma Damendüfte Eau de Parfum Spray 56,07 € 50,46 € 50,46 € UVP: 85,00 € 30 ml (1.869,00 € / 1 l) 30 ml (1.682,10 € / 1 l) Unser Service für dich Versandkostenfrei ab 28,95 € 180 Tage Rückgaberecht Dauerhaft reduzierte Produkte Bis zu 2 Gratisproben Sicheres Einkaufen und Bezahlen Newsletter abonnieren und 22% Gutschein** sichern Erhalte deinen Willkommensgutschein Verpasse keine Rabatte mehr Sei eine(r) der Ersten Gewinne tolle Preise Frau Herr Divers (Optional) E-Mail-Adresse* Genaue Rabattbedingungen findest du in deinem persönlichen Willkommens-Newsletter. Informationen dazu, wie wir mit deinen Daten umgehen, findest du in unserer Datenschutzerklärung Du kannst deine Einwilligung zum Newsletter jederzeit widerrufen über den Abmeldelink am Ende jedes Newsletters. Jetzt abonnieren News & Deals noch schneller bei dir mit QR-Code scannen und anmelden Jetzt abonnieren Mit der Anmeldung zum WhatsApp Newsletter akzeptierst du unsere Datenschutzerklärung. Fast geschafft: Nur noch ein Schritt! Bestätige deine Anmeldung Schau in deinen Posteingang. Wir haben dir eine E-Mail zur Bestätigung deiner E-Mail-Adresse geschickt an: Keine E-Mail? Nochmal senden Online-Parfümerie parfumdreams: Entdecke den Kosmetik-Online-Shop parfumdreams ist nicht nur eine Online-Parfümerie: Hier findest du täglich neue Angebote aus den Bereichen Parfum, Make-up , Haarpflege und Körperpflege . Lass dich im Kosmetik-Online-Shop inspirieren und entdecke neue Trends, umwerfende Düfte und Gesichtspflege mit Wirkstoffen, die einen echten Unterschied machen.Bei parfumdreams findest du Top Marken: Von Klassikern bis zu den neuesten Trendmarken ist alles dabei. Du bist Beautyfan und Student? Dann profitierst du von exklusiven Studentenrabatten . Melde dich einfach bei einem unserer Partner an und shoppe zu noch günstigeren Preisen. Natürlich lohnt es sich auch immer, bei großen Sales wie zum Beispiel am Black Friday oder Singles’ Day zuzuschlagen um sich die besten Deals zu sichern. Die Vorteile deiner Online-Parfümerie Mit parfumdreams Premium profitierst du nicht nur täglich von neuen Angeboten, sondern erhältst sogar zusätzliche Vorteile: 10% Rabatt auf alles: Profitiere bei jedem Einkauf von 10% Rabatt auf alles. Dieses Angebot gilt sogar für bereits reduzierte Artikel. besonders schneller Versand: Geht deine Bestellung vor 12 Uhr ein, wird das Paket noch am selben Tag an den Zusteller übergeben. kostenloser Versand: Für Premium-Mitglieder gibt es keinen Mindestbestellwert – der Versand ist also immer kostenfrei. Solltest du dich einmal umentscheiden, ist das kein Problem: parfumdreams gewährt dir immer 180 Tage Rückgaberecht für deinen Einkauf. So macht es besonders viel Spaß, neue Marken zu entdecken. Immer mit dabei: Die parfumdreams App Unsere parfumdreams App erfüllt dir deine Beauty-Träume jederzeit und allerorts. Stöbere  bequem durch unser Online-Angebot und entdecke spannende Neuheiten und zukünftige Lieblingsprodukte, die du direkt in der App kaufen kannst. Alternativ kannst du deine Traumprodukte in deiner persönlichen Wishlist speichern. So hast du deine Favoriten beim nächsten Öffnen der App direkt im Blick. Freue dich darüber hinaus über exklusive Angebote für App-Kunden . Luxus-Kosmetik in deiner günstigen Online-Parfümerie Ein pflegendes Bad, eine reichhaltige Körperlotion oder ein betörendes Parfum – es braucht nicht viel, um sich ein erholsames Spa-Gefühl in die eigenen vier Wände zu holen. Der Beauty Online-Shop parfumdreams bringt ein Stück Luxus in deinen Alltag und macht es dir ganz einfach, zu günstigen Preisen zu shoppen. Entdecke Luxusmarken und erlebe sie mit allen Sinnen: Die ästhetischen Verpackungen, die ausgewählten Duftessenzen und die intensive Pflegewirkung. Besonders aufregend und opulent ist die Welt der Parfums: Ein Duft kann dich in die verschiedensten Länder dieser Welt befördern oder sogar verborgene Erinnerungen wecken. Das olfaktorische Gedächtnis ist besonders stark mit den Emotionen verknüpft und kann deine Gefühlslage beeinflussen – daher solltest du deinen Duft weise wählen. Bei parfumdreams wählst du aus hunderten Luxusparfums und Nischendüften zu günstigen Preisen. Die Welt der Geschenke bei parfumdreams Du bist auf der Suche nach einem Geschenk? Bei parfumdreams findest du die passenden Geschenke für Anlässe wie Muttertag , Valentinstag oder zum Frauentag . Wenn dir noch die richtige Idee fehlt, haben wir hier ein paar Tipps für dich: Hochwertige Geschenke müssen nicht teuer sein: Entdecke zum Beispiel Geschenksets für jeden Geschmack und Anlass. Wenn du dir mal unsicher sein solltest, ist ein parfumdreams Gutschein immer eine gute Idee. Orientiere dich an beliebten Duftnoten , wenn du ein Damenparfum oder Herrenparfum verschenken möchtest. Noch mehr Inspiration wartet im parfumdreams Blog auf dich. Hier findest du hunderte Artikel zu den Themen Make-up, Pflege und Lifestyle, die dir einen tieferen Einblick in die Beauty-Welt geben. Auch im parfumdreams Newsletter halten wir dich regelmäßig über Neuheiten und die besten Angebote auf dem Laufenden. Adventskalender 2025 ALCINA Adventskalender Armani Adventskalender 2025 ARTDECO Adventskalender BABOR Adventskalender 2025 Bell HYPOAllergenic Adventskalender 2025 Benefit Cosmetics Glam Cube Adventskalender Catrice Twinkling Treasures Adventskalender Clarins Adventskalender Clinique 12-Tage-Adventskalender Dermalogica Adventskalender Douglas Beauty Adventskalender Douglas Exclusive Beauty Highlights Adventskalender Douglas Home Spa Adventskalender 2025 Douglas Luxury Adventskalender 2025 Douglas Luxury Adventskalender grün (exklusiv) Douglas Make-up Adventskalender 2025 Douglas Men Adventskalender 2025 Dr. Hauschka Adventskalender 2025 Essence Little X-Mas Wonder Adventskalender L'Oréal Paris Beauty Adventskalender 2025 Molton Brown Adventskalender NUXE Adventskalender 2025 Rituals Adventskalender 2025 - Kranz RITUALS Adventskalender Diorama 2025 Shiseido Adventskalender Yves Saint Laurent Adventskalender Beauty Trends 2025 Ardell Wimpern Armani My Way Armani Stronger With You Intensely Benefit Augenbrauengel Billie Eilish Parfum Burberry Goddess Carolina Herrera Good Girl Chanel COCO MADEMOISELLE CHANEL Parfum Chloé Parfum DIOR Parfum Dior Sauvage Eau de Toilette Douglas Adventskalender 2025 Gisada Ambassador For Men Gisada Ambassador Intense Gisada Titanium it Cosmetics Your Skin But Better CC+ Cream Jean Paul Gaultier Le Male Eau de Toilette Jil Sander Softly Jo Malone Parfum Kiehl’s Lancôme Parfum & Kosmetik Maybelline Sky High Mascara Montale Arabians Tonka Montale Roses Musk MUGLER Alien Narciso Rodriguez for her Musc Noir Rose Rabanne One Million Rabanne Parfum Parfum Diffuser Parfums de Marly Delina Prada Paradoxe Prada Paradoxe Intense Sol de Janeiro 62 Brazilian Crush The Ordinary günstig kaufen Tom Ford Parfum Valentino Donna Born In Roma Valentino Parfum Valentino Uomo Born In Roma XERJOFF Parfum YSL Black Opium YSL Encre de Peau All Hours Foundation YSL Libre Eau de Parfum YSL Libre Eau de Parfum Intense YSL Mon Paris YSL MYSLF YSL Parfum Sol de Janeiro 62 Set parfumdreams International parfumdreams Belgien parfumdreams Dänemark parfumdreams England parfumdreams Frankreich parfumdreams Irland parfumdreams Italien parfumdreams Niederlande parfumdreams Österreich parfumdreams Polen parfumdreams Portugal parfumdreams Schweiz parfumdreams Spanien parfumdreams Tschechien Zahlungsarten Online-Shop Autorisierter Online-Händler Geschenkkarten Verbraucher informationen Studentenrabatt Newsletter PREMIUM Barrierefreiheitserklärung Über parfumdreams Über uns Presse Filialen und Salons Karriere Umwelt Partnerprogramm Kundenservice FAQ Kontaktformular Compliance & Whistleblowing Verstoß melden Ausgezeichnet einkaufen Trustpilot Sicher Einkaufen geprüfte Sicherheit geprüfter Datenschutz Versandpartner parfumdreams App *Alle Preise inkl. gesetzlicher MwSt., Geschenkkarten 0% MwSt., der Versand ist über 28,95 Euro versandkostenfrei,  darunter kostet es 3,99€ innerhalb Deutschlands, Auslandsversandkosten hier ansehen. Keine Barauszahlung möglich, nicht mit anderen Aktionen kombinierbar. Gültig bis 31.12.2025, nicht gültig auf Adventskalender, Sale-Artikel, Geschenkkarten,Chanel, Dior, Rituals, Sol de Janeiro und Artikel mit dem Hinweis Luxus oder Drogerie. 
Kein Mindestbestellwert. 
Veröffentlichung nicht gestattet. Parfümerie Akzente GmbH, Ust-IdNr. DE813307548 AG Stgt. HRB 581012 ** Genaue Rabattbedingungen findest du in deinem persönlichen Willkommens - Newsletter Sitemap AGB Impressum Datenschutz Cookie Einstellungen © 2025 Parfümerie Akzente GmbH Deutschland Sitemap AGB Impressum Datenschutz © 2025 Parfümerie Akzente GmbH